%YAML 1.1
%TAG !u! tag:unity3d.com,2011:
--- !u!1 &7583386305933318640
GameObject:
  m_ObjectHideFlags: 0
  m_CorrespondingSourceObject: {fileID: 0}
  m_PrefabInstance: {fileID: 0}
  m_PrefabAsset: {fileID: 0}
  serializedVersion: 6
  m_Component:
  - component: {fileID: 7583386305933318641}
  - component: {fileID: 7583386305933318655}
  - component: {fileID: 7583386305933318654}
  m_Layer: 9
  m_Name: Sprite
  m_TagString: Untagged
  m_Icon: {fileID: 0}
  m_NavMeshLayer: 0
  m_StaticEditorFlags: 0
  m_IsActive: 1
--- !u!4 &7583386305933318641
Transform:
  m_ObjectHideFlags: 0
  m_CorrespondingSourceObject: {fileID: 0}
  m_PrefabInstance: {fileID: 0}
  m_PrefabAsset: {fileID: 0}
  m_GameObject: {fileID: 7583386305933318640}
  m_LocalRotation: {x: 0, y: 0, z: 0, w: 1}
  m_LocalPosition: {x: 0, y: -0.085, z: 0}
  m_LocalScale: {x: 1, y: 1, z: 1}
  m_Children: []
  m_Father: {fileID: 7583386306321973568}
  m_RootOrder: 0
  m_LocalEulerAnglesHint: {x: 0, y: 0, z: 0}
--- !u!212 &7583386305933318655
SpriteRenderer:
  m_ObjectHideFlags: 0
  m_CorrespondingSourceObject: {fileID: 0}
  m_PrefabInstance: {fileID: 0}
  m_PrefabAsset: {fileID: 0}
  m_GameObject: {fileID: 7583386305933318640}
  m_Enabled: 1
  m_CastShadows: 0
  m_ReceiveShadows: 0
  m_DynamicOccludee: 1
  m_MotionVectors: 1
  m_LightProbeUsage: 1
  m_ReflectionProbeUsage: 1
  m_RenderingLayerMask: 1
  m_RendererPriority: 0
  m_Materials:
  - {fileID: 10754, guid: 0000000000000000f000000000000000, type: 0}
  m_StaticBatchInfo:
    firstSubMesh: 0
    subMeshCount: 0
  m_StaticBatchRoot: {fileID: 0}
  m_ProbeAnchor: {fileID: 0}
  m_LightProbeVolumeOverride: {fileID: 0}
  m_ScaleInLightmap: 1
  m_ReceiveGI: 1
  m_PreserveUVs: 0
  m_IgnoreNormalsForChartDetection: 0
  m_ImportantGI: 0
  m_StitchLightmapSeams: 1
  m_SelectedEditorRenderState: 0
  m_MinimumChartSize: 4
  m_AutoUVMaxDistance: 0.5
  m_AutoUVMaxAngle: 89
  m_LightmapParameters: {fileID: 0}
  m_SortingLayerID: -818005831
  m_SortingLayer: 1
  m_SortingOrder: 0
  m_Sprite: {fileID: 21300000, guid: 3e309e5090feddb479797068537c6d54, type: 3}
  m_Color: {r: 1, g: 1, b: 1, a: 1}
  m_FlipX: 0
  m_FlipY: 0
  m_DrawMode: 0
  m_Size: {x: 3.23, y: 5.235}
  m_AdaptiveModeThreshold: 0.5
  m_SpriteTileMode: 0
  m_WasSpriteAssigned: 1
  m_MaskInteraction: 0
  m_SpriteSortPoint: 0
--- !u!60 &7583386305933318654
PolygonCollider2D:
  m_ObjectHideFlags: 0
  m_CorrespondingSourceObject: {fileID: 0}
  m_PrefabInstance: {fileID: 0}
  m_PrefabAsset: {fileID: 0}
  m_GameObject: {fileID: 7583386305933318640}
  m_Enabled: 1
  m_Density: 1
  m_Material: {fileID: 0}
  m_IsTrigger: 0
  m_UsedByEffector: 0
  m_UsedByComposite: 0
  m_Offset: {x: 0, y: -0.4}
  m_SpriteTilingProperty:
    border: {x: 0, y: 0, z: 0, w: 0}
    pivot: {x: 0.5, y: 0.5}
    oldSize: {x: 3.23, y: 5.235}
    newSize: {x: 3.23, y: 5.235}
    adaptiveTilingThreshold: 0.5
    drawMode: 0
    adaptiveTiling: 0
  m_AutoTiling: 0
  m_Points:
    m_Paths:
    - - {x: 1.5899999, y: 2.4975}
      - {x: 1.4499999, y: 2.4875}
      - {x: 1.3249999, y: 2.4775}
      - {x: 1.185, y: 2.4675}
      - {x: 1.125, y: 2.4624999}
      - {x: 1.04, y: 2.4575}
      - {x: 0.97999996, y: 2.4524999}
      - {x: 0.91499996, y: 2.4475}
      - {x: 0.78999996, y: 2.4375}
      - {x: 0.715, y: 2.4325}
      - {x: 0.65, y: 2.4275}
      - {x: 0.58, y: 2.4225}
      - {x: 0.53, y: 2.4175}
      - {x: 0.45499998, y: 2.4125}
      - {x: 0.36499998, y: 2.4075}
      - {x: 0.325, y: 2.4025}
      - {x: 0.17999999, y: 2.3925}
      - {x: -0.005, y: 2.3775}
      - {x: -0.08, y: 2.3725}
      - {x: -0.13, y: 2.3674998}
      - {x: -0.265, y: 2.3574998}
      - {x: -0.34, y: 2.3525}
      - {x: -0.465, y: 2.3425}
      - {x: -0.63, y: 2.3325}
      - {x: -0.675, y: 2.3125}
      - {x: -0.745, y: 2.2675}
      - {x: -0.78499997, y: 2.2375}
      - {x: -0.84, y: 2.1875}
      - {x: -0.955, y: 2.0725}
      - {x: -0.97999996, y: 2.0425}
      - {x: -1.02, y: 1.9925}
      - {x: -1.0649999, y: 1.9225}
      - {x: -1.185, y: 1.6775}
      - {x: -1.235, y: 1.5675}
      - {x: -1.275, y: 1.4775}
      - {x: -1.3399999, y: 1.3225}
      - {x: -1.36, y: 1.2724999}
      - {x: -1.4, y: 1.1675}
      - {x: -1.4399999, y: 1.0475}
      - {x: -1.4549999, y: 0.9925}
      - {x: -1.485, y: 0.8725}
      - {x: -1.51, y: 0.7575}
      - {x: -1.545, y: 0.5725}
      - {x: -1.55, y: 0.53749996}
      - {x: -1.5699999, y: 0.4175}
      - {x: -1.5849999, y: 0.3075}
      - {x: -1.605, y: 0.1275}
      - {x: -1.61, y: 0.0625}
      - {x: -1.615, y: -0.0175}
      - {x: -1.615, y: -0.2225}
      - {x: -1.61, y: -0.2875}
      - {x: -1.5999999, y: -0.36749998}
      - {x: -1.5899999, y: -0.4375}
      - {x: -1.5799999, y: -0.54249996}
      - {x: -1.555, y: -0.6925}
      - {x: -1.54, y: -0.7475}
      - {x: -1.49, y: -1.0224999}
      - {x: -1.475, y: -1.1025}
      - {x: -1.4449999, y: -1.2724999}
      - {x: -1.4399999, y: -1.3225}
      - {x: -1.405, y: -1.4825}
      - {x: -1.395, y: -1.5425}
      - {x: -1.385, y: -1.6175}
      - {x: -1.365, y: -1.6825}
      - {x: -1.345, y: -1.7774999}
      - {x: -1.3399999, y: -1.8175}
      - {x: -1.285, y: -2.0125}
      - {x: -1.26, y: -2.1025}
      - {x: -1.24, y: -2.1625}
      - {x: -1.1999999, y: -2.2675}
      - {x: -1.18, y: -2.3174999}
      - {x: -1.155, y: -2.3775}
      - {x: -1.14, y: -2.4125}
      - {x: -1.095, y: -2.5075}
      - {x: -1.04, y: -2.6174998}
      - {x: 1.615, y: -2.6174998}
      - {x: 1.615, y: 2.4975}
--- !u!1 &7583386306321973571
GameObject:
  m_ObjectHideFlags: 0
  m_CorrespondingSourceObject: {fileID: 0}
  m_PrefabInstance: {fileID: 0}
  m_PrefabAsset: {fileID: 0}
  serializedVersion: 6
  m_Component:
  - component: {fileID: 7583386306321973568}
  m_Layer: 9
  m_Name: TileLeft
  m_TagString: Untagged
  m_Icon: {fileID: 0}
  m_NavMeshLayer: 0
  m_StaticEditorFlags: 0
  m_IsActive: 1
--- !u!4 &7583386306321973568
Transform:
  m_ObjectHideFlags: 0
  m_CorrespondingSourceObject: {fileID: 0}
  m_PrefabInstance: {fileID: 0}
  m_PrefabAsset: {fileID: 0}
  m_GameObject: {fileID: 7583386306321973571}
  m_LocalRotation: {x: 0, y: 0, z: 0, w: 1}
  m_LocalPosition: {x: 0, y: 0, z: 0}
  m_LocalScale: {x: 1, y: 1, z: 1}
  m_Children:
  - {fileID: 7583386305933318641}
  m_Father: {fileID: 0}
  m_RootOrder: 0
  m_LocalEulerAnglesHint: {x: 0, y: 0, z: 0}
